@article{qi2009web,
	author		= "Xiaoguang Qi and Brian D. Davison",
	title			= "{Web page classification: Features and algorithms}",
	year			= "2009",
	publisher	= "ACM New York, NY, USA"
}

@misc{apachecommons,
	key			= "Apache Commons",
	note			= "\url{http://commons.apache.org/}"
}

@misc{itext,
	key			= "iText",
	note			= "\url{http://itextpdf.com/}"
}

@misc{jena,
	key			= "Jena",
	note			= "\url{http://jena.sourceforge.net/}"
}

@misc{log4j,
	key			= "Log4J",
	note			= "\url{http://logging.apache.org/log4j/}"
}

@misc{lucene,
	key			= "Lucene",
	note			= "\url{http://lucene.apache.org}"
}

@misc{nekoHTML,
	key			= "NekoHTML",
	note			= "\url{http://nekohtml.sourceforge.net/}"
}

@misc{simmetrics,
	key			= "Simmetrics",
	note			= "\url{http://www.dcs.shef.ac.uk/~sam/simmetrics.html}"
}

@misc{fathom,
	key			= "Fathom",
	note			= "\url{http://www.representqueens.com/fathom/}"
}

@misc{twitter4j,
	key			= "Twitter4J",
	note			= "\url{http://twitter4j.org/en/index.htm}"
}

@misc{jyaml,
	key			= "jyaml",
	note			= "\url{http://jyaml.sourceforge.net}"
}

@misc{weka,
	key			= "Weka",
	note			= "\url{http://www.cs.waikato.ac.nz/ml/weka/}"
}

@misc{webknox,
	key			= "WebKnox",
	note			= "\url{http://www.webknox.com}"
}

@misc{codingStandards,
	author		= "Burak Guzel",
	note			= "\url{http://net.tutsplus.com/tutorials/html-css-techniques/top-15-best-practices-for-writing-super-readable-code/}",
	year			= "2009",
	month			= "12"
}
