% This file was created with JabRef 2.6.
% Encoding: Cp1252

@CONFERENCE{atserias2006freeling,
  author = {{A}tserias, {J}. and {C}asas, {B}. and {C}omelles, {E}. and {G}onz{\'a}lez,
	{M}. and {P}adr{\'o}, {L}. and {P}adr{\'o}, {M}.},
  title = {{FreeLing 1.3: Syntactic and semantic services in an open-source
	NLP library}},
  booktitle = {{Proceedings of the 5th International Conference on Language Resources
	and Evaluation (LRECï¿½06)}},
  year = {2006},
  pages = {48--55},
  note = {\url{http://www.lsi.upc.edu/~nlp/papers/atserias06.pdf}}
}

@CONFERENCE{briscoe2006second,
  author = {{B}riscoe, {T}. and {C}arroll, {J}. and {W}atson, {R}.},
  title = {{The second release of the RASP system}},
  booktitle = {{Proceedings of the COLING/ACL on Interactive presentation sessions}},
  year = {2006},
  pages = {77--80},
  organization = {Association for Computational Linguistics}
}

@CONFERENCE{ckgs2006,
  author = {{C}hia-{H}ui {C}hang and {M}ohammed {K}ayed and {M}oheb{R} {G}irgis
	and {K}haled {S}haalan},
  title = {{A Survey of Web Information Extraction Systems}},
  year = {2006}
}

@ARTICLE{cohen2004minorthird,
  author = {{C}ohen, {W}.{W}.},
  title = {{MinorThird: Methods for Identifying Names and Ontological Relations
	in Text using Heuristics for Inducing Regularities from Data}},
  year = {2004},
  volume = {1},
  note = {\url{cohen2004minorthird}, accessed July 11, 2010}
}

@ARTICLE{cunningham2002gate,
  author = {{C}unningham, {D}.{H}. and {M}aynard, {D}.{D}. and {B}ontcheva, {D}.{K}.
	and {T}ablan, {M}.{V}.},
  title = {{GATE: A framework and graphical development environment for robust
	NLP tools and applications}},
  year = {2002}
}

@INPROCEEDINGS{finkel2005stanfordner,
  author = {{J}enny {R}ose {F}inkel and {T}rond {G}renager and {C}hristopher
	{M}anning},
  title = {{Incorporating Non-local Information into Information Extraction
	Systems}},
  booktitle = {{Proceedings of the 43nd Annual Meeting of the Association for Computational
	Linguistics (ACL 2005)}},
  year = {2005},
  pages = {363--370},
  note = {\url{http://nlp.stanford.edu/~manning/papers/gibbscrf3.pdf}}
}

@MASTERSTHESIS{gregor2010bachelor,
  author = {{M}artin {G}regor},
  title = {{Altersbestimmung von Webseiten}},
  school = {{Dresden University of Technology}},
  year = {2010}
}

@MISC{codingStandards,
  author = {{B}urak {G}uzel},
  month = {12},
  year = {2009},
  note = {\url{http://net.tutsplus.com/tutorials/html-css-techniques/top-15-best-practices-for-writing-super-readable-code/}}
}

@CONFERENCE{hahn2008overview,
  author = {{H}ahn, {U}. and {B}uyko, {E}. and {L}andefeld, {R}. and {M}{\\"u}hlhausen,
	{M}. and {P}oprat, {M}. and {T}omanek, {K}. and {W}ermter, {J}.},
  title = {{An overview of JCoRe, the JULIE lab UIMA component repository}},
  booktitle = {{Proceedings of the LREC}},
  year = {2008},
  volume = {8},
  pages = {1--7}
}

@ARTICLE{hall2009weka,
  author = {{H}all, {M}. and {F}rank, {E}. and {H}olmes, {G}. and {P}fahringer,
	{B}. and {R}eutemann, {P}. and {W}itten, {I}.{H}.},
  title = {{The WEKA data mining software: An update}},
  journal = {{ACM SIGKDD Explorations Newsletter}},
  year = {2009},
  volume = {11},
  pages = {10--18},
  number = {1},
  note = {\url{http://www.cs.waikato.ac.nz/~ml/index.html}},
  publisher = {ACM}
}

@MASTERSTHESIS{katz2010diploma,
  author = {{P}hilipp {K}atz},
  title = {{NewsSeecr -- Clustering und Ranking von Nachrichten zu Named Entities
	aus Newsfeeds}},
  school = {{Dresden University of Technology}},
  year = {2010}
}

@INPROCEEDINGS{BoilerplateDetectionShallowTextFeatures,
  author = {{C}hristian {K}ohlsch{\"{u}}tter and {P}eter {F}ankhauser and {W}olfgang
	{N}ejdl},
  title = {{Boilerplate Detection using Shallow Text Features}},
  booktitle = {{Proceedings of the third ACM international conference on Web search
	and data mining}},
  year = {2010}
}

@MISC{liu2004montylingua,
  author = {{L}iu, {H}.},
  title = {{MontyLingua: An end-to-end natural language processor with common
	sense}},
  year = {2004},
  note = {\url{http://web.media.mit.edu/~hugo/montylingua/}, accessed July
	11, 2010}
}

@CONFERENCE{loper2002nltk,
  author = {{L}oper, {E}. and {B}ird, {S}.},
  title = {{NLTK: The natural language toolkit}},
  booktitle = {{Proceedings of the ACL-02 Workshop on Effective tools and methodologies
	for teaching natural language processing and computational linguistics}},
  year = {2002},
  volume = {1},
  pages = {70},
  organization = {{Association for Computational Linguistics}},
  note = {\url{http://www.nltk.org/}, accessed July 11, 2010}
}

@MISC{manning2006nererrors,
  author = {{C}hris {M}anning},
  title = {{D}oing {N}amed {E}ntity {R}ecognition? {D}on't optimize for {F}1},
  howpublished = {Website, Blog},
  month = {August},
  year = {2006},
  url = {http://nlpers.blogspot.com/2006/08/doing-named-entity-recognition-dont.html}
}

@MISC{mccallum2002mallet,
  author = {{M}c{C}allum, {A}.{K}.},
  title = {{Mallet: A MAchine Learning for LanguagE Toolkit}},
  year = {2002},
  note = {\url{http://mallet.cs.umass.edu/index.php}, accessed July 11, 2010}
}

@INPROCEEDINGS{medelyan2009human,
  author = {{O}lena {M}edelyan and {E}ibe {F}rank and {I}an {H}. {W}itten},
  title = {{Human-competitive tagging using automatic keyphrase extraction}},
  booktitle = {{Proceedings of the 2009 Conference on Empirical Methods in Natural
	Language Processing}},
  year = {2009},
  pages = {1318--1327},
  organization = {{Association for Computational Linguistics}}
}

@PHDTHESIS{nadeau2007yooname,
  author = {{D}avid {N}adeau},
  title = {{Supervised Named Entity Recognition: Learning to Recognize 100 Entity
	Types with little Supervision}},
  school = {{Ottawa-Carleton Institute for Computer Science}},
  year = {2007}
}

@MISC{deliciousT140,
  author = {{Natural Language Processing and Information Retrieval Group, Universidad
	Nacional de Educaci\'{o}n a Distancia}},
  title = {{DeliciousT140 Dataset}},
  note = {\url{http://nlp.uned.es/social-tagging/delicioust140/}, accessed
	October 8, 2010}
}

@ARTICLE{qi2009web,
  author = {{X}iaoguang {Q}i and {B}rian {D}. {D}avison},
  title = {{Web page classification: Features and algorithms}},
  year = {2009},
  publisher = {ACM New York, NY, USA}
}

@ARTICLE{settings2apache,
  author = {{S}ettings, {M}.},
  title = {{Apache Mahout-scalable machine learning algorithm}},
  journal = {health},
  volume = {2},
  pages = {67}
}

@ARTICLE{stefanowski2003carrot,
  author = {{S}tefanowski, {J}. and {W}eiss, {D}.},
  title = {{Carrot 2 and language properties in web search results clustering}},
  journal = {Advances in Web Intelligence},
  year = {2003},
  pages = {955--955},
  note = {\url{http://project.carrot2.org/}, accessed July 11, 2010},
  publisher = {Springer}
}

@CONFERENCE{stolcke2002srilm,
  author = {{S}tolcke, {A}.},
  title = {{SRILM-an extensible language modeling toolkit}},
  booktitle = {{Seventh International Conference on Spoken Language Processing}},
  year = {2002},
  volume = {3},
  pages = {901--904},
  organization = {{Citeseer}},
  note = {\url{http://www.speech.sri.com/projects/srilm/}, accessed July 11,
	2010}
}

@CONFERENCE{tomanek2007uima,
  author = {{T}omanek, {K}. and {B}uyko, {E}. and {H}ahn, {U}.},
  title = {{An uima-based tool suite for semantic text processing}},
  booktitle = {{UIMA Workshop at the GLDV}},
  year = {2007},
  volume = {11}
}

@CONFERENCE{zhou2007dragon,
  author = {{Z}hou, {X}. and {Z}hang, {X}. and {H}u, {X}.},
  title = {{Dragon Toolkit: Incorporating auto-learned semantic knowledge into
	large-scale text retrieval and mining}},
  booktitle = {{Proceedings of the 19th IEEE International Conference on Tools with
	Artificial Intelligence (ICTAI)}},
  year = {2007},
  organization = {Citeseer}
}

@MISC{alchemyapi,
  note = {\url{http://www.alchemyapi.com/}, accessed July 11, 2010},
  key = {AlchemyAPI: Transforming Text Into Knowledge}
}

@MISC{alchemyLanguageAPI,
  note = {\url{http://www.alchemyapi.com/api/lang/}, accessed November 12,
	2010},
  key = {{Alchemy Language API}}
}

@MISC{apachecommons,
  note = {\url{http://commons.apache.org/}},
  key = {Apache Commons}
}

@MISC{balie,
  note = {\url{http://balie.sourceforge.net/}},
  key = {Balie: baseline information extraction}
}

@MISC{contentanalyst,
  note = {\url{http://contentanalyst.com/html/tech/technologies.html}, accessed
	July 11, 2010},
  key = {Content Analyst}
}

@MISC{fathom,
  note = {\url{http://www.representqueens.com/fathom/}},
  key = {Fathom}
}

@MISC{googleTranslationAPI,
  note = {\url{http://code.google.com/apis/language/translate/v2/using_rest.html},
	accessed November 12, 2010},
  key = {{Google Translation API}}
}

@MISC{illinoisccg,
  note = {\url{http://l2r.cs.uiuc.edu/~cogcomp/software.php}},
  key = {Illinois Cognitive Computation Group}
}

@MISC{itext,
  note = {\url{http://itextpdf.com/}},
  key = {iText}
}

@MISC{jena,
  note = {\url{http://jena.sourceforge.net/}},
  key = {Jena}
}

@MISC{jlangdetect,
  note = {\url{http://www.jroller.com/melix/entry/nlp_in_java_a_language},
	accessed November 12, 2010},
  key = {{JLangDetect}}
}

@MISC{jrcCorpus,
  note = {\url{http://wt.jrc.it/lt/Acquis/}, accessed November 12, 2010},
  key = {{jrcCorpus}}
}

@MISC{jyaml,
  note = {\url{http://jyaml.sourceforge.net}},
  key = {jyaml}
}

@MISC{lanuagecomputer,
  note = {\url{http://www.languagecomputer.com/technology/}, accessed July
	11, 2010},
  key = {Language Computer}
}

@MISC{lemur,
  note = {\url{http://www.lemurproject.org/}, accessed January 7, 2011},
  key = {Lemur Project}
}

@MISC{lingo3g,
  note = {\url{http://carrotsearch.com/lingo3g-overview.html}, accessed July
	11, 2010},
  key = {Lingo3G: text document clustering engine}
}

@MISC{lingpipe,
  note = {\url{http://alias-i.com/lingpipe}, accessed July 9, 2010},
  key = {Alias-i. LingPipe 4.0.0.}
}

@MISC{log4j,
  note = {\url{http://logging.apache.org/log4j/}},
  key = {Log4J}
}

@MISC{lucene,
  note = {\url{http://lucene.apache.org}},
  key = {Lucene}
}

@MISC{morphadorner,
  note = {\url{http://morphadorner.northwestern.edu/}},
  key = {MorphAdorner}
}

@MISC{MWAPI2011,
  title = {{M}edia{W}iki {API}},
  note = {\url{http://en.wikipedia.org/w/api.php}, accessed February 21, 2011},
  owner = {reichert},
  timestamp = {2011.02.21}
}

@MISC{nactem,
  note = {\url{http://www.nactem.ac.uk/software.php}, accessed July 11, 2010},
  key = {NaCTeM Software Tools}
}

@MISC{nekoHTML,
  note = {\url{http://nekohtml.sourceforge.net/}},
  key = {NekoHTML}
}

@MISC{opencalais,
  note = {\url{http://www.opencalais.com/}, accessed July 11, 2010},
  key = {OpenCalais}
}

@MISC{opennlp,
  note = {\url{http://opennlp.sourceforge.net/about.html}, accessed September
	23, 2010},
  key = {OpenNLP}
}

@MISC{rome,
  note = {\url{https://rome.dev.java.net/}, accessed October 11, 2010},
  key = {{ROME}}
}

@MISC{rosette,
  note = {\url{http://www.basistech.com/products/}, accessed July 11, 2010},
  key = {Rosette Linguistic Platform}
}

@MISC{simmetrics,
  note = {\url{http://www.dcs.shef.ac.uk/~sam/simmetrics.html}},
  key = {Simmetrics}
}

@MISC{snowball,
  note = {\url{http://snowball.tartarus.org/}, accessed October 8, 2010},
  key = {{Snowball}}
}

@MISC{stanfordnlp,
  note = {\url{http://nlp.stanford.edu/software/index.shtml}},
  key = {Stanford NLP}
}

@MISC{textanalyst,
  note = {\url{http://www.megaputer.com/textanalyst.php}, accessed July 11,
	2010},
  key = {TextAnalyst}
}

@MISC{twitter4j,
  note = {\url{http://twitter4j.org/en/index.htm}},
  key = {Twitter4J}
}

@MISC{visualtext,
  note = {\url{http://www.textanalysis.com/Products/VisualText/visualtext.html},
	accessed July 11, 2010},
  key = {VisualText}
}

@MISC{webknox,
  note = {\url{http://www.webknox.com}},
  key = {WebKnox}
}

@MISC{jwbf2011,
  title = {{J}ava {W}iki {B}ot {F}ramework},
  year = {2011},
  note = {\url{http://jwbf.sourceforge.net/}, accessed February 21, 2011},
  owner = {reichert},
  timestamp = {2011.02.21}
}

@MISC{webknoxblogne,
  month = {9},
  year = {2010},
  note = {\url{http://www.webknox.com/blog/2010/09/named-entity-definition/}},
  key = {WebKnox Blog: Named Entity Definition}
}

@book{Manning:2009,
	Author = {Christopher D. Manning and Prabhakar Raghavan and Hinrich Sch{\"u}tze},
	Date-Added = {2010-04-26 10:50:24 +0200},
	Date-Modified = {2010-05-24 17:43:38 +0200},
	Keywords = {information retrieval, clustering},
	Publisher = {Cambridge University Press},
	Title = {An Introduction to Information Retrieval},
	Year = {2009},
	Bdsk-File-1 = {YnBsaXN0MDDUAQIDBAUIJidUJHRvcFgkb2JqZWN0c1gkdmVyc2lvblkkYXJjaGl2ZXLRBgdUcm9vdIABqAkKFRYXGyIjVSRudWxs0wsMDQ4RFFpOUy5vYmplY3RzV05TLmtleXNWJGNsYXNzog8QgASABqISE4ACgAOAB1lhbGlhc0RhdGFccmVsYXRpdmVQYXRo0hgNGRpXTlMuZGF0YU8RAnQAAAAAAnQAAgAADE1hY2ludG9zaCBIRAAAAAAAAAAAAAAAAAAAAMYqE/BIKwAAAGskex9BbiBJbnRyb2R1Y3Rpb24gdG8gSSM2QjI0QjAucGRmAAAAAAAAAAAAAAAAAAAAAAAAAAAAAAAAAAAAAAAAAAAAaySwx8O4KwAAAAAAAAAAAAEABAAACSAAAAAAAAAAAAAAAAAAAAAVSW5mb3JtYXRpb24gUmV0cmlldmFsAAAQAAgAAMYp99AAAAARAAgAAMfDqhsAAAABABwAayR7AGskWABrJEcAaIbAAAypRQAK5+wACufiAAIAe01hY2ludG9zaCBIRDpVc2VyczpwazpTdHVkaXVtOkRpcGxvbWFyYmVpdDpkb2N1bWVudHM6V2ljaHRpZ2UgUXVlbGxlbjpJbmZvcm1hdGlvbiBSZXRyaWV2YWw6QW4gSW50cm9kdWN0aW9uIHRvIEkjNkIyNEIwLnBkZgAADgBaACwAQQBuACAASQBuAHQAcgBvAGQAdQBjAHQAaQBvAG4AIAB0AG8AIABJAG4AZgBvAHIAbQBhAHQAaQBvAG4AIABSAGUAdAByAGkAZQB2AGEAbAAuAHAAZABmAA8AGgAMAE0AYQBjAGkAbgB0AG8AcwBoACAASABEABIAe1VzZXJzL3BrL1N0dWRpdW0vRGlwbG9tYXJiZWl0L2RvY3VtZW50cy9XaWNodGlnZSBRdWVsbGVuL0luZm9ybWF0aW9uIFJldHJpZXZhbC9BbiBJbnRyb2R1Y3Rpb24gdG8gSW5mb3JtYXRpb24gUmV0cmlldmFsLnBkZgAAEwABLwAAFQACAAn//wAAgAXSHB0eH1gkY2xhc3Nlc1okY2xhc3NuYW1lox8gIV1OU011dGFibGVEYXRhVk5TRGF0YVhOU09iamVjdF8QYC4uL2RvY3VtZW50cy9XaWNodGlnZSBRdWVsbGVuL0luZm9ybWF0aW9uIFJldHJpZXZhbC9BbiBJbnRyb2R1Y3Rpb24gdG8gSW5mb3JtYXRpb24gUmV0cmlldmFsLnBkZtIcHSQloiUhXE5TRGljdGlvbmFyeRIAAYagXxAPTlNLZXllZEFyY2hpdmVyAAgAEQAWAB8AKAAyADUAOgA8AEUASwBSAF0AZQBsAG8AcQBzAHYAeAB6AHwAhgCTAJgAoAMYAxoDHwMoAzMDNwNFA0wDVQO4A70DwAPNA9IAAAAAAAACAQAAAAAAAAAoAAAAAAAAAAAAAAAAAAAD5A==}}

@MISC{JavaCodeConventions,
	Author = {{Sun Microsystems, Inc.}},
	Title = {{Java Code Conventions}},
	Month = {09},
	Year = {1997},
	note = {\url{http://www.oracle.com/technetwork/java/codeconventions-150003.pdf}, accessed March 06, 2011}
}

@MISC{JavaAntiPatterns,
	Title = {{Java Anti-Patterns}},
	Month = {12},
	Year = {2010},
	note = {\url{http://www.odi.ch/prog/design/newbies.php}, accessed March 06, 2011}
}

@MISC{classifier4j,
	Author = {{Nick Lothian}},
	Title = {{Classifier4J}},
	Month = {02},
	Year = {2005},
	note = {\url{http://classifier4j.sourceforge.net/}, accessed March 06, 2011}
}

@MISC{Mahesh:1999,
	Author = {{Kavi Mahesh, Oracle Corporation}},
	Title = {{Text Retrieval Quality: A Primer}},
	Year = {1999},
	note = {\url{http://www.oracle.com/technetwork/database/enterprise-edition/imt-quality-092464.html}, accessed April 13, 2011}
}

@MISC{JTMT,
	Author = {{Sujit Pal}},
	Title = {{jtmt -- Java Text Mining Toolkit}},
	note = {\url{http://jtmt.sourceforge.net/}, accessed April 21, 2011}
}

@MISC{semanticdiscovery,
	Author = {{Spence Koehler}},
	Title = {{The Semantic Discovery Toolkit}},
	note = {\url{http://code.google.com/p/semanticdiscoverytoolkit/}, accessed October 20, 2011}
}